---
---

@misc{lan_atmospheric_co2_2025,
	title = {Atmospheric {Carbon} {Dioxide} {Dry} {Air} {Mole} {Fractions} from the {NOAA} {GML} {Carbon} {Cycle} {Cooperative} {Global} {Air} {Sampling} {Network}, 1968-2024},
	url = {https://www.esrl.noaa.gov/gmd/ccgg/arc/?id=132},
	doi = {10.15138/WKGJ-F215},
	urldate = {2025-07-14},
    version = {2025-04-26},
	author = {Lan, X. and Mund, J.W. and Crotwell, A.M. and Thoning, K.W. and Moglia, E. and Madronich, M. and Baugh, K. and Petron, G. and Crotwell, M.J. and Neff, D. and Wolter, T. and Mefford, T. and DeVogel, S.},
	year = {2025},
}

@misc{lan_atmospheric_ch4_2025,
	title = {Atmospheric {Methane} {Dry} {Air} {Mole} {Fractions} from the {NOAA} {GML} {Carbon} {Cycle} {Cooperative} {Global} {Air} {Sampling} {Network}, 1983-2024},
	url = {https://www.esrl.noaa.gov/gmd/ccgg/arc/?id=132},
	doi = {10.15138/VNCZ-M766},
	urldate = {2025-07-14},
    version = {2025-04-26},
	author = {Lan, X. and Mund, J.W. and Crotwell, A.M. and Thoning, K.W. and Moglia, E. and Madronich, M. and Baugh, K. and Petron, G. and Crotwell, M.J. and Neff, D. and Wolter, T. and Mefford, T. and DeVogel, S.},
	year = {2025},
}

@article{meinshausen_shared_2020,
	title = {The shared socio-economic pathway ({SSP}) greenhouse gas concentrations and their extensions to 2500},
	volume = {13},
	doi = {10.5194/gmd-13-3571-2020},
	number = {8},
	journal = {Geoscientific Model Development},
	author = {Meinshausen, Malte and Nicholls, Zebedee R. J. and Lewis, Jared and Gidden, Matthew J. and Vogel, Elisabeth and Freund, Mandy and Beyerle, Urs and Gessner, Claudia and Nauels, Alexander and Bauer, Nico and Canadell, Josep G. and Daniel, John S. and John, Andrew and Krummel, Paul B. and Luderer, Gunnar and Meinshausen, Nicolai and Montzka, Stephen A. and Rayner, Peter J. and Reimann, Stefan and Smith, Steven J. and Van Den Berg, Marten and Velders, Guus J. M. and Vollmer, Martin K. and Wang, Ray H. J.},
	year = {2020},
	pages = {3571--3605},
}

@article{meinshausen_historical_2017,
	title = {Historical greenhouse gas concentrations for climate modelling ({CMIP6})},
	volume = {10},
	doi = {10.5194/gmd-10-2057-2017},
	number = {5},
	journal = {Geoscientific Model Development},
	author = {Meinshausen, Malte and Vogel, Elisabeth and Nauels, Alexander and Lorbacher, Katja and Meinshausen, Nicolai and Etheridge, David M. and Fraser, Paul J. and Montzka, Stephen A. and Rayner, Peter J. and Trudinger, Cathy M. and Krummel, Paul B. and Beyerle, Urs and Canadell, Josep G. and Daniel, John S. and Enting, Ian G. and Law, Rachel M. and Lunder, Chris R. and O'Doherty, Simon and Prinn, Ron G. and Reimann, Stefan and Rubino, Mauro and Velders, Guus J. M. and Vollmer, Martin K. and Wang, Ray H. J. and Weiss, Ray},
	year = {2017},
	pages = {2057--2116},
}

@article{prinn_history_2000,
	title = {A history of chemically and radiatively important gases in air deduced from {ALE}/{GAGE}/{AGAGE}},
	volume = {105},
	doi = {10.1029/2000jd900141},
	number = {D14},
	journal = {Journal of Geophysical Research: Atmospheres},
	author = {Prinn, R. G. and Weiss, R. F. and Fraser, P. J. and Simmonds, P. G. and Cunnold, D. M. and Alyea, F. N. and O'Doherty, S. and Salameh, P. and Miller, B. R. and Huang, J. and Wang, R. H. J. and Hartley, D. E. and Harth, C. and Steele, L. P. and Sturrock, G. and Midgley, P. M. and McCulloch, A.},
	year = {2000},
	note = {Publisher: American Geophysical Union (AGU)},
	pages = {17751--17792},
}

@article{prinn2018history,
  title={History of chemically and radiatively important atmospheric gases from the Advanced Global Atmospheric Gases Experiment (AGAGE)},
  author={Prinn, Ronald G and Weiss, Ray F and Arduini, Jgor and Arnold, Tim and DeWitt, H Langley and Fraser, Paul J and Ganesan, Anita L and Gasore, Jimmy and Harth, Christina M and Hermansen, Ove and others},
  journal={Earth System Science Data Discussions},
  volume={2018},
  pages={1--39},
  year={2018},
  publisher={G{\"o}ttingen, Germany},
  doi={10.5194/essd-10-985-2018}
}

@article{rigby2008renewed,
  title={Renewed growth of atmospheric methane},
  author={Rigby, Matt and Prinn, Ronald G and Fraser, Paul Joseph and Simmonds, Peter Guy and Langenfelds, RL and Huang, Jin and Cunnold, Derek Martin and Steele, Lloyd Paul and Krummel, Paul Brian and Weiss, Ray F and others},
  journal={Geophysical research letters},
  volume={35},
  number={22},
  year={2008},
  publisher={Wiley Online Library},
  doi={10.1029/2008GL036037}
}

@article{rigby2017role,
  title={Role of atmospheric oxidation in recent methane growth},
  author={Rigby, Matthew and Montzka, Stephen A and Prinn, Ronald G and White, James WC and Young, Dickon and Oâ€™doherty, Simon and Lunt, Mark F and Ganesan, Anita L and Manning, Alistair J and Simmonds, Peter G and others},
  journal={Proceedings of the National Academy of Sciences},
  volume={114},
  number={21},
  pages={5373--5377},
  year={2017},
  publisher={National Academy of Sciences},
  doi={10.1073/pnas.1616426114}
}
