---
---

@article{meinshausen_shared_2020,
	title = {The shared socio-economic pathway ({SSP}) greenhouse gas concentrations and their extensions to 2500},
	volume = {13},
	doi = {10.5194/gmd-13-3571-2020},
	number = {8},
	journal = {Geoscientific Model Development},
	author = {Meinshausen, Malte and Nicholls, Zebedee R. J. and Lewis, Jared and Gidden, Matthew J. and Vogel, Elisabeth and Freund, Mandy and Beyerle, Urs and Gessner, Claudia and Nauels, Alexander and Bauer, Nico and Canadell, Josep G. and Daniel, John S. and John, Andrew and Krummel, Paul B. and Luderer, Gunnar and Meinshausen, Nicolai and Montzka, Stephen A. and Rayner, Peter J. and Reimann, Stefan and Smith, Steven J. and Van Den Berg, Marten and Velders, Guus J. M. and Vollmer, Martin K. and Wang, Ray H. J.},
	year = {2020},
	pages = {3571--3605},
}
